@online{bitonic,
  author = {H.W Lang},
  title  = {Bitonic sorting network for n not a power of 2},
  url    = {https://hwlang.de/algorithmen/sortieren/bitonic/oddn.htm}
}

@online{ken,
  title = {Ken Batcher},
  url   = {https://en.wikipedia.org/wiki/Ken_Batcher}
}

@online{butterfly,
  title = {Butterfly Network},
  url   = {https://en.wikipedia.org/wiki/Butterfly_network}
}

@online{sorting,
  author = {Malcolm Phillips},
  title  = {Array Sorting},
  url    = {https://web.archive.org/web/20111028201105/http://homepages.ihug.co.nz/~aurora76/Malc/Sorting_Array.htm#Exchanging_Sort_Techniques}
}

@online{openmp,
  title = {OpenMP},
  url   = {https://www.openmp.org/}
}

@online{cudac,
  title = {CUDA C++ Programming Guide},
  url   = {https://docs.nvidia.com/cuda/cuda-c-programming-guide/index.html}
}

@online{numba,
  title = {Numba makes Python code fast},
  url   = {https://numba.pydata.org/}
}

@online{numpy,
  title = {NumPy},
  url   = {https://numpy.org/}
}

@online{nvcc,
  title = {NVIDIA CUDA Compiler Driver NVCC},
  url   = {https://docs.nvidia.com/cuda/cuda-compiler-driver-nvcc/index.html}
}

@online{cas,
  author = {HÃ¥kan Sundell, Philippas Tsigas},
  title  = {Lock-Free and Practical Deques using Single-Word Compare-And-Swap},
  url    = {http://www.non-blocking.com/download/SunT04_Deque_TR.pdf}
}